@book{Graham1892,
  title     = "Outlines of the History of Freemansonry in the Province of Quebec",
  author    = "John H. Graham",
  year      = 1892,
  publisher = "John Lovell \& Son",
  address   = "Montréal", 
  pages     = "645",
}

@book{hongkong1980,
  title     = "The Royal Rifles of Canada in Hong Kong:1941-1945",
  author    = "{Hong Kong Veteran's Association of Canada}",
  year      = 1980,
  publisher = "Progressive Publications",
  address   = "Sherbrooke, QC", 
  pages     = 433,
}

@book{fetherstonhaugh1981,
  title     = "The Royal Canadian Regiment: 1883-1933",
  author    = "Robert Collier Fetherstonhaugh",
  year      = 1981,
  publisher = "Centennial Print and Litho",
  address   = "Fredericton, NB", 
  pages     = 467,
}

@book{Coil1961,
  title     = "Coil's Masonic Encyclopedia",
  author    = "Henry Wilson Coil",
  year      = 1961,
  publisher = "Macoy Publishing",
  address   = "Richmond, VA", 
  pages     = "",
}

@book{Fournier2010,
  title     = "Retracez vos ancêtres: Guide de généalogie",
  author    = "Marcel Fournier",
  year      = 2010,
  publisher = "Les Éditions de l'Homme",
  address   = "Québec", 
  pages     = "315",
}